<record><leader>00000cas a2200000 a 4500</leader><controlfield tag="001">28303574</controlfield><controlfield tag="007">hd afb021baca</controlfield><controlfield tag="008">930621d18291830scuwr nea     0    0eng c</controlfield><controlfield tag="009">276</controlfield><datafield ind1=" " ind2=" " tag="010"><subfield code="a">  2009257313</subfield></datafield><datafield ind1=" " ind2=" " tag="040"><subfield code="a">EMU</subfield><subfield code="b">eng</subfield><subfield code="c">EMU</subfield><subfield code="d">OCL</subfield><subfield code="d">OCLCQ</subfield><subfield code="d">CUI</subfield><subfield code="d">INU</subfield><subfield code="d">OCLCF</subfield></datafield><datafield ind1=" " ind2=" " tag="042"><subfield code="a">pcc</subfield></datafield><datafield ind1=" " ind2=" " tag="043"><subfield code="a">n-us-sc</subfield></datafield><datafield ind1=" " ind2="4" tag="050"><subfield code="a">AN2.S6</subfield><subfield code="b">G74</subfield></datafield><datafield ind1="0" ind2=" " tag="130"><subfield code="a">Mountaineer (Greenville, S.C. : 1829)</subfield></datafield><datafield ind1="1" ind2="4" tag="245"><subfield code="a">The mountaineer</subfield><subfield code="h">[microform].</subfield></datafield><datafield ind1=" " ind2=" " tag="260"><subfield code="a">Greenville, S.C. :</subfield><subfield code="b">O.H. Wells,</subfield><subfield code="c">1829-1830.</subfield></datafield><datafield ind1=" " ind2=" " tag="300"><subfield code="a">1 v. ;</subfield><subfield code="c">54 cm.</subfield></datafield><datafield ind1=" " ind2=" " tag="310"><subfield code="a">Weekly</subfield></datafield><datafield ind1="0" ind2=" " tag="362"><subfield code="a">Vol. 1, no. 1 (Jan. 10, 1829)-vol. 1, no. 52 (Jan. 9, 1830).</subfield></datafield><datafield ind1=" " ind2=" " tag="533"><subfield code="a">Microfilm.</subfield><subfield code="m">v.1:no.1-52 (1829:Jan.10-1830:Jan.9):[Gaps]</subfield><subfield code="b">Columbia, S.C. :</subfield><subfield code="c">South Caroliniana Library ;</subfield><subfield code="b">[Wilmington, Del. :</subfield><subfield code="c">distributed by] Scholarly Resources, Inc.,</subfield><subfield code="d">1988.</subfield><subfield code="e">1 microfilm reel ; 35 mm.</subfield><subfield code="n">Reel includes some issues of later title: Greenville mountaineer (Greenville, S.C. : 1830).</subfield></datafield><datafield ind1=" " ind2="0" tag="651"><subfield code="a">Greenville (S.C.)</subfield><subfield code="v">Newspapers.</subfield></datafield><datafield ind1=" " ind2="0" tag="651"><subfield code="a">Greenville County (S.C.)</subfield><subfield code="v">Newspapers.</subfield></datafield><datafield ind1=" " ind2="7" tag="655"><subfield code="a">Newspapers.</subfield><subfield code="2">fast</subfield><subfield code="0">(OCoLC)fst01423814</subfield></datafield><datafield ind1=" " ind2="7" tag="651"><subfield code="a">South Carolina</subfield><subfield code="z">Greenville.</subfield><subfield code="2">fast</subfield><subfield code="0">(OCoLC)fst01203010</subfield></datafield><datafield ind1=" " ind2="7" tag="651"><subfield code="a">South Carolina</subfield><subfield code="z">Greenville County.</subfield><subfield code="2">fast</subfield><subfield code="0">(OCoLC)fst01209838</subfield></datafield><datafield ind1=" " ind2=" " tag="752"><subfield code="a">United States</subfield><subfield code="b">South Carolina</subfield><subfield code="c">Greenville</subfield><subfield code="d">Greenville.</subfield></datafield><datafield ind1="1" ind2=" " tag="776"><subfield code="c">Original</subfield><subfield code="w">(DLC)sn 85042919</subfield><subfield code="w">(OCoLC)12961343</subfield></datafield><datafield ind1="1" ind2="0" tag="785"><subfield code="t">Greenville mountaineer (Greenville, S.C. : 1830)</subfield><subfield code="w">(DLC)  2009257314</subfield><subfield code="w">(OCoLC)32306405</subfield></datafield></record>